@MISC{ETH-Bibliothek,
  AUTHOR = "ETH-Bibliothek Zürich",
  TITLE = "Mühle",
  CHAPTER = "Mühle - Mathematik",
  ORGANIZATION = "ETH-Bibliothek Zürich",
  HOWPUBLISHED = "http://www.library.ethz.ch/ms/Virtuelle-Ausstellungen/Alles-ist-Spiel!-Unterhaltungsmathematik-in-historischer-Perspektive/Muehle",
}

@MISC{KuenstlicheIntelligenz,
  TITLE = "Künstliche Intelligenz",
  CHAPTER = "Überblick, Turing-Test",
  ORGANIZATION = "Wikipedia",
  HOWPUBLISHED = "https://de.wikipedia.org/wiki/Künstliche\_Intelligenz",
}

@MISC{KuenstlicheIntelligenz2,
  AUTHOR = "Sabine Kern und Ingo Neumayer",
  CHAPTER = "Wann besteht ein Computer den Turing-Test?, Tamagotchis, Roboter & Co", 
  TITLE = "Künstliche Intelligenz",
  ORGANIZATION = "Planet Wissen",
  HOWPUBLISHED = "http://www.planet-wissen.de/technik/computer\_und\_roboter/kuenstliche\_intelligenz/index.html)",
}

@MISC{KuenstlicheIntelligenzAnwendungen,
  AUTHOR = "Jan Tissler",
  CHAPTER = "Gesichtserkennung & Co., Selbstfahrende Autos und Fahrassistenten", 
  TITLE = "Praktische Anwendungen für Künstliche Intelligenz – heute und morgen",
  ORGANIZATION = "UPLOAD Magazin",
  HOWPUBLISHED = "https://upload-magazin.de/blog/13645-anwendungen-beispiele-kuenstliche-intelligenz/)",
}

@MISC{Swing,
  TITLE = "Swing (Java)",
  ORGANIZATION = "Wikipedia",
  HOWPUBLISHED = "https://de.wikipedia.org/wiki/Swing\_(Java)",
}

@MISC{Waymo, 
  TITLE = "Autonomes Auto von Google, 2017",
  ORGANIZATION = "Wikipedia",
  HOWPUBLISHED = "https://de.wikipedia.org/wiki/Waymo\#/media/File:Waymo\_self-driving\_car\_front\_view.gk.jpg)",
}

@MISC{HiroshiIshiguro,
  AUTHOR = "Felix Lill", 
  TITLE = "Mein Zwilling, der Roboter",
  ORGANIZATION = "Der Tagesspiegel",
  HOWPUBLISHED = "http://www.tagesspiegel.de/themen/reportage/hiroshi-ishiguro-baut-menschmaschinen-sein-roboter-faehrt-fuer-ihn-zu-konferenzen/10314280-2.html",
}

@MISC{MinimaxAlgorithmus, 
  TITLE = "Minimax-Algorithmus",
  ORGANIZATION = "Wikipedia",
  HOWPUBLISHED = "https://de.wikipedia.org/wiki/Minimax-Algorithmus",
}

@MISC{FacebookBots,
  AUTHOR = "Philipp Nagels", 
  TITLE = "Facebook musste AI abschalten, die „Geheimsprache“ entwickelt hat",
  ORGANIZATION = "N24",
  HOWPUBLISHED = "https://www.welt.de/kmpkt/article167102506/Facebook-musste-AI-abschalten-die-Geheimsprache-entwickelt-hat.html",
}